% article item
% you can specify it by a key ours is ali2012 (common is authorYEAR)
% you can ignore some of these items
@article{ali2012,
    author="ali",
    title="latex",
    journal="anyCO",
    volume="2",
    number="1",
    pages="10-20",
    year="2012"
}

% book bib item
@book{kim2006,
    author="kim",
    pages="100",
    publisher="PublishCO",
    location="address",
    title="basic latex",
    year="2006"
}

% url citation
@misc{site,
    title="learn latex",
    howpublished="https://www.overleaf.com/learn/latex"
}

% ypu can come up with any own tag you want